@article{tsitsiklis1994asynchronous,
  title={Asynchronous stochastic approximation and Q-learning},
  author={Tsitsiklis, John N},
  journal={Machine learning},
  volume={16},
  number={3},
  pages={185--202},
  year={1994},
  publisher={Springer}
}

@techreport{watkins1989learning,
  title={Learning from delayed rewards},
  author={Watkins, Christopher John},
  year={1989},
  institution={King's College, Cambridge United Kingdom}
}

@article{watkins1992q,
  title={Q-learning},
  author={Watkins, Christopher JCH and Dayan, Peter},
  journal={Machine learning},
  volume={8},
  number={3},
  pages={279--292},
  year={1992},
  publisher={Springer}
}

